<?xml version="1.0" encoding="UTF-8"?><record xmlns="http://www.loc.gov/MARC21/slim" xmlns:cinclude="http://apache.org/cocoon/include/1.0" xmlns:zs="http://www.loc.gov/zing/srw/">
  <leader>00663cz  a2200169n  4500</leader>
  <controlfield tag="001">n  94120628 </controlfield>
  <controlfield tag="003">DLC</controlfield>
  <controlfield tag="005">19970717133801.7</controlfield>
  <controlfield tag="008">941216n| acannaab|          |a aaa |||  </controlfield>
  <datafield tag="010" ind1=" " ind2=" ">
    <subfield code="a">n  94120628 </subfield>
    <subfield code="z">no 95014224 </subfield>
  </datafield>
  <datafield tag="035" ind1=" " ind2=" ">
    <subfield code="a">(OCoLC)oca03740464 </subfield>
  </datafield>
  <datafield tag="040" ind1=" " ind2=" ">
    <subfield code="a">DLC</subfield>
    <subfield code="c">DLC</subfield>
    <subfield code="d">NdFA</subfield>
    <subfield code="d">DLC</subfield>
  </datafield>
  <datafield tag="100" ind1="1" ind2="0">
    <subfield code="a">Wathes, Christopher M.</subfield>
  </datafield>
  <datafield tag="400" ind1="1" ind2="0">
    <subfield code="a">Wathes, C. M.</subfield>
    <subfield code="q">(Christopher M.)</subfield>
  </datafield>
  <datafield tag="670" ind1=" " ind2=" ">
    <subfield code="a">Bioaerosols handbook, 1995:</subfield>
    <subfield code="b">CIP t.p. (Christopher M. Wathes) galley (C.M. Wathes)</subfield>
  </datafield>
  <datafield tag="670" ind1=" " ind2=" ">
    <subfield code="a">Livestock housing, 1994:</subfield>
    <subfield code="b">t.p. (C.M. Wathes, Animal Science and Engineering Division, Silsoe Research Institute)</subfield>
  </datafield>
  <datafield tag="670" ind1=" " ind2=" ">
    <subfield code="a">Biog. gen. master index CD-ROM, 1994</subfield>
    <subfield code="b">(Wathes, Christopher Michael)</subfield>
  </datafield>
</record>